@COMMENT{% $Id: report.bib 269 2003-04-22 14:45:04Z mackers $}

@TECHREPORT{w3c:xhtml,
	AUTHOR = "W3C HTML Working Group",
	TITLE = "XHTML 1.0 The Extensible HyperText Markup Language (Second Edition)",
	INSTITUTION = "W3C",
	YEAR = 2000,
	ADDRESS = "\url{http://www.w3.org/TR/xhtml1/}" }

@TECHREPORT{w3c:wcag,
	AUTHOR = "Web Content Guidelines Working Group",
	TITLE = "Web Content Accessibility Guidelines 1.0",
	INSTITUTION = "W3C",
	YEAR = 1999,
	ADDRESS = "\url{http://www.w3.org/TR/WCAG10/}" }

@TECHREPORT{w3c:wcagtechs,
	AUTHOR = "Web Content Guidelines Working Group",
	TITLE = "Techniques for Web Content Accessibility Guidelines 1.0",
	INSTITUTION = "W3C",
	YEAR = 2000,
	ADDRESS = "\url{http://www.w3.org/TR/WAI-WEBCONTENT-TECHS/}" }

@TECHREPORT{w3c:atag,
	AUTHOR = "Authoring Tool Accessibility Guidelines Working Grouh",
	TITLE = "Authoring Tool Accessibility Guidelines 1.0",
	INSTITUTION = "W3C",
	YEAR = 2000,
	ADDRESS = "\url{http://www.w3.org/TR/ATAG10/}" }

@TECHREPORT{w3c:wcaghtmltechs,
	AUTHOR = "Web Content Guidelines Working Group",
	TITLE = "HTML Techniques for Web Content Accessibility Guidelines 1.0",
	INSTITUTION = "W3C",
	YEAR = 2000,
	ADDRESS = "\url{http://www.w3.org/TR/WCAG10-HTML-TECHS/}" }

@TECHREPORT{section508,
	AUTHOR = "US Government",
	TITLE = "Section 508 Standards",
	INSTITUTION = "US Government",
	YEAR = 1998,
	ADDRESS = "\url{http://www.section508.gov/}" }
	
@TECHREPORT{irishgov,
	AUTHOR = "Irish Goverment",
	TITLE = "Irish Public Service Metadata Standard",
	INSTITUTION = "Irish Government",
	YEAR = 2002,
	ADDRESS = "\url{http://www.gov.ie/webstandards/metastandards/}" }

@TECHREPORT{warp2002,
	AUTHOR = "Dr Barry McMullin",
	TITLE = "WARP: Web Accessibility Reporting Project Ireland 2002 Baseline Study",
	INSTITUTION = "DCU",
	YEAR = 2002,
	ADDRESS = "\url{http://eaccess.rince.ie/white-papers/2002/warp-2002-00/}" }

@TECHREPORT{nda:accessit,
	AUTHOR = "Brenda Delaney",
	TITLE = "Irish National Disability Authority IT Accessibility Guidelines",
	INSTITUTION = "National Disability Authority",
	YEAR = 2002,
	ADDRESS = "\url{http://accessit.nda.ie/}" }

@MISC{webaim,
	AUTHOR = "Utah State University",
	TITLE = "Web Accessibility in Mind",
	INSTITUTION = "Utah State University",
	YEAR = 2002,
	ADDRESS = "\url{http://www.webaim.org/}" }

@BOOK{joeclark,
	AUTHOR = "Joe Clark",
	TITLE = "Building Accessible Websites",
	PUBLISHER = "New Riders Publishing",
	YEAR = 2002,
	ISBN =  "073571150X" }

@ARTICLE{dijkstra,
	AUTHOR = "Edgar W. Dijkstra",
	JOURNAL = "Communications of the ACM",
	MONTH = "October",
	NUMBER = "10",
	PAGES = "859-866",
	TITLE = "The Humble Programmer",
	VOLUME = "15",
	YEAR = "1972" }

@MISC{gpl,
	AUTHOR = "Free Software Foundation",
	TITLE = "The GNU General Public License (GPL)",
	HOWPUBLISHED = "\url{http://www.gnu.org/copyleft/gpl.html}" }
